@book{bonato2011game,
  title={The Game of Cops and Robbers on Graphs},
  author={Bonato, A. and Nowakowski, R.J.},
  isbn={9780821853474},
  lccn={2011014177},
  series={Student mathematical library},
  year={2011},
  publisher={American Mathematical Society}
}

@article{aigner1984game,
  title={A game of cops and robbers},
  author={Aigner, Martin and Fromme, Michael},
  journal={Discrete Applied Mathematics},
  volume={8},
  number={1},
  pages={1--12},
  year={1984},
  publisher={Elsevier}
}

@article{fitzpatrick2016deterministic,
  title={A deterministic version of the game of zombies and survivors on graphs},
  author={Fitzpatrick, SL and Howell, J and Messinger, ME and Pike, DA},
  journal={Discrete Applied Mathematics},
  volume={213},
  pages={1--12},
  year={2016},
  publisher={Elsevier}
}

@article{fitzpatrick2018game,
  title={The Game of Zombies and Survivors on the Cartesian Products of Trees},
  author={Fitzpatrick, Shannon L},
  journal={arXiv preprint arXiv:1806.04628},
  year={2018}
}


@article{clarke2002constrained,
  title={Constrained cops and robber.},
  author={Clarke, Nancy Elaine Blanche},
  year={2002},
  publisher={Dalhousie University}
}

@misc{pacmanghosts,
author = {Chad Birch},
title = {Understanding Pac-Man Ghost Behavior},
howpublished = {\url{http://gameinternals.com/post/2072558330/understanding-pac-man-ghost-behavior}},
month = {December},
year = {2010},
note = {(Accessed on 14/08/2017)}
}

@article{rosen2007discrete,
  title={Discrete mathematics and its applications},
  author={Rosen, Kenneth H},
  journal={AMC},
  volume={10},
  pages={12},
  year={2007}
}
