@article{fitzpatrick2016deterministic,
  title={A Deterministic Version of the Game of Zombies and Survivors on Graphs},
  author={Fitzpatrick, SL and Howell, J and Messinger, ME and Pike, DA},
  journal={Discrete Applied Mathematics},
  volume={213},
  pages={1--12},
  year={2016},
  publisher={Elsevier}
}

@article{fitzpatrick2018game,
  title={The Game of Zombies and Survivors on the Cartesian Products of Trees},
  author={Fitzpatrick, Shannon L},
  journal={arXiv preprint arXiv:1806.04628},
  year={2018}
}
@article{bonato2016probabilistic,
  title={A Probabilistic Version of the Game of Zombies and Survivors on Graphs},
  author={Bonato, Anthony and Mitsche, Dieter and P{\'e}rez-Gim{\'e}nez, Xavier and Pra{\l}at, Pawe{\l}},
  journal={Theoretical Computer Science},
  volume={655},
  pages={2--14},
  year={2016},
  publisher={Elsevier}
}

@article{pralat2019many,
  title={How Many Zombies Are Needed to Catch the Survivor on Toroidal Grids?},
  author={Pra{\l}at, Pawe{\l}},
  journal={Theoretical Computer Science},
  volume={794},
  pages={3--11},
  year={2019},
  publisher={Elsevier}
}

@book{bonato2011game,
  title={The Game of Cops and Robbers on Graphs},
  author={Bonato, A. and Nowa\-kowski, R.J.},
  isbn={9780821853474},
  lccn={2011014177},
  series={Student mathematical library},
  year={2011},
  publisher={American Mathematical Society}
}

@article{aigner1984game,
  title={A Game of Cops and Robbers},
  author={Aigner, Martin and Fromme, Michael},
  journal={Discrete Applied Math\-ematics},
  volume={8},
  number={1},
  pages={1--12},
  year={1984},
  publisher={Elsevier}
}



@article{clarke2002constrained,
  title={Constrained Cops and Robber.},
  author={Clarke, Nancy Elaine Blanche},
  year={2002},
  publisher={Dalhousie University}
}

@phdthesis{quilliot1978jeux,
  title={Jeux et pointes fixes sur les graphes},
  author={Quilliot, Alain},
  year={1978},
  school={Ph. D. Dissertation, Universit{\'e} de Paris VI}
}

@article{nowakowski1983vertex,
  title={Vertex-to-Vertex Pursuit in a Graph},
  author={Nowakowski, Richard and Winkler, Peter},
  journal={Discrete Mathematics},
  volume={43},
  number={2-3},
  pages={235--239},
  year={1983},
  publisher={Elsevier}
}

@article{berarducci1993cop,
  title={On the Cop Number of a Graph},
  author={Berarducci, Alessandro and Intrigila, Benedetto},
  journal={Advances in Applied Mathematics},
  volume={14},
  number={4},
  pages={389--403},
  year={1993},
  publisher={Elsevier}
}

@article{hahn2003characterisation,
  title={A Characterisation of k-cop-win Graphs and Digraphs},
  author={Hahn, Gena and MacGillivray, Gary},
  year={2003},
  publisher={Citeseer}
}

@article{frankl1987cops,
  title={Cops and Robbers in Graphs with Large Girth and Cayley Graphs},
  author={Frankl, Peter},
  journal={Discrete Applied Mathematics},
  volume={17},
  number={3},
  pages={301--305},
  year={1987},
  publisher={Elsevier}
}


@article{gromovikov2018fully,
  title={Fully Active Cops and Robbers},
  author={Gromovikov, Ilya and Kinnersley, William B and Seamone, Ben},
  journal={arXiv preprint arXiv:1808.06734},
  year={2018}
}

@inproceedings{aichholzer2011convexifying,
  title={Convexifying Polygons Without Losing Visibilities.},
  author={Aichholzer, Oswin and Aloupis, Greg and Demaine, Erik D and Demaine, Martin L and Dujmovic, Vida and Hurtado, Ferran and Lubiw, Anna and Rote, G{\"u}nter and Schulz, Andr{\'e} and Souvaine, Diane L and others},
  booktitle={CCCG},
  year={2011}
}

@article{lubiw2017visibility,
  title={Visibility Graphs, Dismantlability, and the Cops and Robbers Game},
  author={Lubiw, Anna and Snoeyink, Jack and Vosoughpour, Hamideh},
  journal={Computational Geometry},
  volume={66},
  pages={14--27},
  year={2017},
  publisher={Elsevier}
}


@incollection{schroder2001copnumber,
  title={The copnumber of a graph is bounded by [3/2 genus (g)]+ 3},
  author={Schr{\"o}der, Bernd SW},
  booktitle={Categorical perspectives},
  pages={243--263},
  year={2001},
  publisher={Springer}
}

@article{gavenvciak2018cops,
  title={Cops and robbers on intersection graphs},
  author={Gaven{\v{c}}iak, Tom{\'a}{\v{s}} and Gordinowicz, Przemys{\l}aw and Jel{\'\i}nek, V{\'\i}t and Klav{\'\i}k, Pavel and Kratochv{\'\i}l, Jan},
  journal={European Journal of Combinatorics},
  volume={72},
  pages={45--69},
  year={2018},
  publisher={Elsevier}
}

@inproceedings{erlebach2020game,
  title={A game of cops and robbers on graphs with periodic edge-connectivity},
  author={Erlebach, Thomas and Spooner, Jakob T},
  booktitle={International Conference on Current Trends in Theory and Practice of Informatics},
  pages={64--75},
  year={2020},
  organization={Springer}
}

@article{beveridge2011cops,
  title={Cops and robbers on geometric graphs},
  author={Beveridge, Andrew and Dudek, Andrzej and Frieze, Alan and M{\"u}ller, Tobias},
  journal={arXiv preprint arXiv:1108.2549},
  year={2011}
}

@article{bonato2017topological,
  title={Topological Directions in Cops and Robbers},
  author={Bonato, Anthony and Mohar, Bojan},
  journal={arXiv preprint arXiv:1709.09050},
  year={2017}
}

@book{gera2016graph,
  title={Graph Theory: Favorite Conjectures and Open Problems-1},
  author={Gera, Ralucca and Hedetniemi, Stephen and Larson, Craig},
  year={2016},
  publisher={Springer}
}
