@book{bonato2011game,
  title={The Game of Cops and Robbers on Graphs},
  author={Bonato, A. and Nowakowski, R.J.},
  isbn={9780821853474},
  lccn={2011014177},
  series={Student mathematical library},
  year={2011},
  publisher={American Mathematical Society}
}

@article{aigner1984game,
  title={A game of cops and robbers},
  author={Aigner, Martin and Fromme, Michael},
  journal={Discrete Applied Mathematics},
  volume={8},
  number={1},
  pages={1--12},
  year={1984},
  publisher={Elsevier}
}

@article{fitzpatrick2016deterministic,
  title={A deterministic version of the game of zombies and survivors on graphs},
  author={Fitzpatrick, SL and Howell, J and Messinger, ME and Pike, DA},
  journal={Discrete Applied Mathematics},
  volume={213},
  pages={1--12},
  year={2016},
  publisher={Elsevier}
}

@misc{bondy2008graph,
  title={Graph theory, volume 244 of Graduate Texts in Mathematics},
  author={Bondy, John Adrian and Murty, Uppaluri Siva Ramachandra},
  year={2008},
  publisher={Springer, New York}
}

@book{gera2016graph,
  title={Graph Theory: Favorite Conjectures and Open Problems-1},
  author={Gera, Ralucca and Hedetniemi, Stephen and Larson, Craig},
  year={2016},
  publisher={Springer}
}

@book{nahin2012chases,
  title={Chases and escapes: the mathematics of pursuit and evasion},
  author={Nahin, Paul J},
  year={2012},
  publisher={Princeton University Press}
}

@book{yavin2014pursuit,
  title={Pursuit-evasion differential games},
  author={Yavin, Yaakov and Pachter, M},
  volume={14},
  year={2014},
  publisher={Elsevier}
}

@article{bonato2016probabilistic,
  title={A probabilistic version of the game of Zombies and Survivors on graphs},
  author={Bonato, Anthony and Mitsche, Dieter and P{\'e}rez-Gim{\'e}nez, Xavier and Pra{\l}at, Pawe{\l}},
  journal={Theoretical Computer Science},
  volume={655},
  pages={2--14},
  year={2016},
  publisher={Elsevier}
}

@book{felsner2012geometric,
  title={Geometric graphs and arrangements: some chapters from combinatorial geometry},
  author={Felsner, Stefan},
  year={2012},
  publisher={Springer Science \& Business Media}
}

@book{bollobas2013modern,
  title={Modern graph theory},
  author={Bollob{\'a}s, B{\'e}la},
  volume={184},
  year={2013},
  publisher={Springer Science \& Business Media}
}
@misc{pacmanghosts,
author = {Chad Birch},
title = {Understanding Pac-Man Ghost Behavior},
howpublished = {\url{http://gameinternals.com/post/2072558330/understanding-pac-man-ghost-behavior}},
month = {December},
year = {2010},
note = {(Accessed on 14/08/2017)}
}

@article{rosen2007discrete,
  title={Discrete mathematics and its applications},
  author={Rosen, Kenneth H},
  journal={AMC},
  volume={10},
  pages={12},
  year={2007}
}

@article{baird2013meyniel,
  title={Meyniel's conjecture on the cop number: a survey},
  author={Baird, William and Bonato, Anthony},
  journal={arXiv preprint arXiv:1308.3385},
  year={2013}
}

@article{campos2013dominating,
  title={On dominating sets of maximal outerplanar graphs},
  author={Campos, CN and Wakabayashi, Yoshiko},
  journal={Discrete Applied Mathematics},
  volume={161},
  number={3},
  pages={330--335},
  year={2013},
  publisher={Elsevier}
}
